
@article{rdhs,
	title = {{rdhs: an R package to interact with The Demographic and Health Surveys (DHS) Program datasets}},
	author = {Watson, Oliver J and FitzJohn, Rich and Eaton, Jeffrey W},
	year = {2019},
	date = {2019},
	pages = {103},
	volume = {4},
	doi = {10.12688/wellcomeopenres.15311.1},
	url = {https://wellcomeopenresearch.org/articles/4-103/v1}
}

@article{suppa2023,
	title = {{mpitb: A toolbox for multidimensional poverty indices}},
	author = {Suppa, Nicolai},
	year = {2023},
	month = {09},
	date = {2023-09},
	journal = {The Stata Journal},
	pages = {625--657},
	volume = {23},
	number = {3},
	doi = {10.1177/1536867x231195286},
	url = {http://dx.doi.org/10.1177/1536867X231195286},
	langid = {en}
}

@article{alkire2011,
	title = {Counting and multidimensional poverty measurement},
	author = {Alkire, Sabina and Foster, James},
	year = {2011},
	month = {08},
	date = {2011-08},
	journal = {Journal of Public Economics},
	pages = {476--487},
	volume = {95},
	number = {7-8},
	doi = {10.1016/j.jpubeco.2010.11.006},
	url = {http://dx.doi.org/10.1016/j.jpubeco.2010.11.006},
	langid = {en}
}
